% This file was created with JabRef 2.10b2.
% Encoding: UTF-8


@InProceedings{PO06,
  Title                    = {Formal Simulation and Analysis of the CASH Scheduling Algorithm in Real-TIme Maude},
  Author                   = {{\"O}lveczky, P. C. and Caccamo, M.},
  Booktitle                = {Fundemental Approaches to Software Engineering},
  Year                     = {2006},
  Editor                   = {Baresi, L. and Heckel, R.},
  Pages                    = {356--372},
  Publisher                = {Springer Berlin Heidelberg},
  Series                   = {Lecture {N}otes in {C}omputer {S}cience},
  Volume                   = {3922},

  Owner                    = {andylawrence},
  Timestamp                = {2014.03.01}
}

@InProceedings{PO04,
  Title                    = {Specification and Analysis of Real-Time Systems Using {R}eal-{T}ime {M}aude},
  Author                   = {{\"O}lveczky, P. C. and Meseguer, J.},
  Booktitle                = {Fundamental Approaches to Software Engineering (FASE 2004)},
  Year                     = {2004},
  Editor                   = {Margaria, T. and Wermelinger, M.},
  Pages                    = {354-358},
  Publisher                = {Springer},
  Series                   = {Lecture {N}otes in {C}omputer {S}cience},
  Volume                   = {2984}
}

@Article{PO07b,
  Title                    = {Semantics and Pragmatics of Real-Time Maude},
  Author                   = {{\"O}lveczky, P. C. and Meseguer, J.},
  Journal                  = {Higher-Order and Symbolic Computation},
  Year                     = {2007},
  Number                   = {1-2},
  Pages                    = {161--196},
  Volume                   = {20},

  Owner                    = {andrew},
  Timestamp                = {2015.06.09}
}

@Article{PO02,
  Title                    = {Specification of Real-Time and Hybrid Systems in Rewriting Logic},
  Author                   = {{\"O}lveczky, P. C. and Meseguer, J.},
  Journal                  = {Theoretical Computer Science},
  Year                     = {2002},
  Pages                    = {359-405},
  Volume                   = {285}
}

@InProceedings{PO07,
  Title                    = {Formal Modeling and Analysis of the {OGDC} Wireless Sensor Network Algorithm in Real-Time Maude},
  Author                   = {{\"O}lveczky, P. C. and Thorvaldsen, S.},
  Booktitle                = {Formal Methods for Open Object-Based Distributed Systems},
  Year                     = {2007},
  Editor                   = {Bonsangue, M. M. and Johnsen, E. B.},
  Pages                    = {122--140},
  Publisher                = {Springer Berlin Heidelberg},
  Series                   = {Lecture {N}otes in {C}omputer {S}cience},
  Volume                   = {4468}
}

@Book{IEC03,
  Title                    = {Programmable Controllers - Part 3: Programming languages},
  Author                   = {IEC Standard 61131-3},
  Publisher                = {IEC},
  Year                     = {2003}
}

@InCollection{GS06,
  Title                    = {Designing Safe, Reliable Systems Using Scade},
  Author                   = {Abdulla, P. and Deneux, J. and St{\aa}lmarck, G. and {\AA}gren, H. and {\AA}kerlund, O.},
  Booktitle                = {Leveraging Applications of Formal Methods},
  Publisher                = {Springer Berlin Heidelberg},
  Year                     = {2006},
  Editor                   = {Tiziana, M. and Bernhard, S.},
  Pages                    = {115-129},
  Series                   = {Lecture {N}otes in {C}omputer {S}cience},
  Volume                   = {4313}
}

@Book{JA09,
  Title                    = {Modeling in Event-B: System and Software Engineering},
  Author                   = { Abrial, J. R.},
  Publisher                = { Cambridge University Press},
  Year                     = {2009}
}

@Article{AehligBergerHofmannSchwichtenberg04,
  Title                    = {An arithmetic for non-size-increasing polynomial-time computation},
  Author                   = {Aehlig, K. and Berger, U. and Hofmann, M. and Schwichtenberg, H.},
  Journal                  = {Theoretical Computer Science},
  Year                     = {2004},
  Pages                    = {3--27},
  Volume                   = {318}
}

@Article{RA95,
  Title                    = {The algorithmic analysis of hybrid systems},
  Author                   = {Alur, R. and Courcoubetis, C. and Halbwachs, N. and Henzinger. T. A. and Ho, P. H. and Nicollin, X. and Olivero, A. and Sifakis, J. and Yovine, S.},
  Journal                  = {Theoretical Computer Science},
  Year                     = {1995},
  Number                   = {1},
  Pages                    = {3 -- 34},
  Volume                   = {138}
}

@Article{AR96,
  Title                    = {Automatic symbolic verification of embedded systems},
  Author                   = {Alur, R. and Henzinger, T. A. and Ho, P. H.},
  Journal                  = {IEEE Trans. Software Engineering},
  Year                     = {1996},
  Number                   = {3},
  Pages                    = {181--201},
  Volume                   = {22},

  Owner                    = {andylawrence},
  Timestamp                = {2014.04.01}
}

@InProceedings{AH07,
  Title                    = {Compressing Propositional Refutations},
  Author                   = {Amjad, H.},
  Booktitle                = {Automated Verification of Safety Critical Systems 2006},
  Year                     = {2007},
  Editor                   = {Nipkow, T. and Merz, S.},
  Pages                    = {3--15},
  Publisher                = {Elsevier},
  Series                   = {Electronic Notes in Theoretical Computer Science},
  Volume                   = {185},

  Owner                    = {andylawrence},
  Timestamp                = {2014.09.21}
}

@Article{EA02,
  Title                    = {{CASL}: the common algebraic specification language},
  Author                   = {Astesiano, E. and Bidoit, M. and Kirchner, H. and Krieg-Br\"{u}ckner, B. and Mosses, P. D. and Sannella, D. and Tarlecki, A.},
  Journal                  = {Theoretical Computer Science},
  Year                     = {2002},
  Pages                    = {153--196},
  Volume                   = {286},

  Issue                    = {2},
  Publisher                = {Elsevier Science Publishers Ltd.}
}

@Book{HandBookProof,
  Title                    = {Handbook of Proof Theory},
  Author                   = {Avigad, J. and Buss, S. R. and Constable, R. L. and Fairtlough, M. and Feferman, S. and J{\"a}ger, G. and Japaridze, G. and de Jongh, D. and Pudl{\'a}k, P. and Pohlers, P. and St{\"a}rk, R. F. and Troelstra, A. S. and Wainer, S. S.},
  Editor                   = {Buss, S. R. and Abramsky, S. and Artemov, S. and Shore, R. A. and Troelstra, A. S.},
  Publisher                = {Elsevier},
  Year                     = {1998},
  Series                   = {Studies In Logic and The Foundations of Mathematics},
  Volume                   = {137},

  Owner                    = {csal},
  Timestamp                = {2014.03.11}
}

@InProceedings{SB10,
  Title                    = {Sledgehammer: Judgement Day},
  Author                   = {B{\"o}hme, S. and Nipkow, T.},
  Booktitle                = {Automated Reasoning},
  Year                     = {2010},
  Editor                   = {Giesl, J\"urgen and H\"ahnle, Reiner},
  Pages                    = {107--121},
  Publisher                = {Springer Berlin, Heidelberg},
  Series                   = {Lecture Notes in Computer Science},
  Volume                   = {6173}
}

@InProceedings{JB62,
  Title                    = {On a decision method in restricted second order arithmetic},
  Author                   = {B{\"u}chi, J. R.},
  Booktitle                = {Proceedings of the International Congress on Logic, Method, and Philosophy of Science. (1960)},
  Year                     = {1962},
  Pages                    = {1--12},
  Publisher                = {Stanford University Press},

  Owner                    = {andylawrence},
  Timestamp                = {2014.04.30}
}

@InCollection{LB93,
  Title                    = {Superposition with simplification as a decision procedure for the monadic class with equality},
  Author                   = {Bachmair, L. and Ganzinger, H. and Waldmann, U.},
  Booktitle                = {Computational Logic and Proof Theory},
  Publisher                = {Springer Berlin / Heidelberg},
  Year                     = {1993},
  Pages                    = { 83--96},
  Series                   = {Lecture {N}otes in {C}omputer {S}cience},
  Volume                   = {713}
}

@Book{CB08,
  Title                    = {Principles of {M}odel {C}hecking},
  Author                   = {Baier, C. and Katoen, P.},
  Publisher                = {MIT Press},
  Year                     = {2008}
}

@InProceedings{PB09,
  Title                    = {A study of railway ERTMS safety with Colored Petri Nets},
  Author                   = {Barger, P. and Sch{\"o}n , W. and Bouali, M. },
  Booktitle                = {The European Safety and Reliability Conference (ESREL'09)},
  Year                     = {2009}
}

@Article{PB04,
  Title                    = {Towards Understanding and Harnessing the Potential of Clause Learning},
  Author                   = {Beame, P. and Kautz, H. and Sabharwal, A.},
  Journal                  = {Journal of Artificial Intelligence Research},
  Year                     = {2004},
  Pages                    = {319--351},
  Volume                   = {22},

  Owner                    = {andylawrence},
  Timestamp                = {2014.09.21}
}

@InProceedings{PB98,
  Title                    = {M{\'e}T{\'e}OR: An industrial success in formal development},
  Author                   = {Behm, P. and Desforges, P. and Meynadier, J.},
  Booktitle                = {Bâ€™98: Recent Advances in the Development and Use of the B Method},
  Year                     = {1998},
  Pages                    = {26--26},
  Publisher                = {Springer Berlin / Heidelberg},
  Series                   = {Lecture Notes in Computer Science},
  Volume                   = {1393}
}

@InProceedings{HB98,
  Title                    = {Proof theory at work: Program development in the {M}inlog system},
  Author                   = {Benl, H. and Berger, U. and Schwichtenberg, H. and Seisenberger, M. and Zuber, W.},
  Booktitle                = {Automated Deduction - A Basis for Applications II},
  Year                     = {1998},
  Editor                   = {Bibel, W. and Schmitt, P. H.},
  Publisher                = {Kluwer},

  Journal                  = {Automated Deduction}
}

@Article{BS01,
  Title                    = {Short proofs are narrow-resolution made simple},
  Author                   = {Ben-Sasson, E. and Wigderson, A.},
  Journal                  = {Journal of the ACM},
  Year                     = {2001},
  Number                   = {2},
  Pages                    = {149--169},
  Volume                   = {48}
}

@Article{UB06,
  Title                    = {Program extraction from normalization proofs},
  Author                   = {Berger, U. and Berghofer, S. and Letouzey, P. and Schwichtenberg, H.},
  Journal                  = {Studia Logica},
  Year                     = {2006},
  Pages                    = {25--49},
  Volume                   = {82}
}

@Article{UB08,
  Title                    = {Coinduction for Extact Real Number Computation},
  Author                   = {Berger, U. and Hou, T.},
  Journal                  = {Theory of Computing Systems},
  Year                     = {2008},
  Pages                    = {394--209},
  Volume                   = {43},

  Owner                    = {andylawrence},
  Timestamp                = {2014.06.18}
}

@InProceedings{AL14d,
  Title                    = {Modelling and Analysing the European Rail Traffic Management System in Real Time Maude},
  Author                   = {Berger, U. and James, P. and Lawrence, A. and Roggenbach, M. and Seisenberger, M.},
  Booktitle                = {FTSCS},
  Year                     = {2014},

  Owner                    = {andylawrence},
  Timestamp                = {2014.09.28}
}

@Article{AL13a,
  Title                    = {Extracting Verified Decision Procedures: {DPLL} and Resolution},
  Author                   = {Berger, U. and Lawrence, A. and Nordvall-Forsberg, F. and Seisenberger, M.},
  Journal                  = {In preparation}
}

@Article{AL14b,
  Title                    = {Extracting Verified Decision Procedures: {DPLL} and Resolution},
  Author                   = {Berger, U. and Lawrence, A. and Nordvall-Forsberg, F. and Seisenberger, M.},
  Journal                  = {(To appear in) Logic Methods in Computer Science},
  Year                     = {2014},

  Owner                    = {andylawrence},
  Timestamp                = {2014.08.04}
}

@InProceedings{AL14c,
  Title                    = {Safety and Performance of the European Rail Traffic Management System: A Modelling and Verification Exercise in Real Time Maude},
  Author                   = {Berger, U. and Lawrence, A. and Roggenbach, M. and Seisenberger, M.},
  Booktitle                = {WADT 2014},
  Year                     = {2014},

  Owner                    = {andylawrence},
  Timestamp                = {2014.08.24}
}

@Article{AL13c,
  Title                    = {Program Extraction in Action: A Verified Clause Learning {SAT} Algorithm},
  Author                   = {Berger, U. and Lawrence, A. and Seisenberger, M.},
  Journal                  = {In preparation}
}

@InProceedings{UB11,
  Title                    = {Minlog - {A} {T}ool for {P}rogram {E}xtraction {S}upporting {A}lgebras and {C}oalgebras},
  Author                   = {Berger, U. and Miyamoto, K. and Schwichtenberg, H. and Seisenberger, M.},
  Booktitle                = {CALCO-Tools 2011},
  Year                     = {2011},
  Editor                   = {Corradini, A. and Klin, B. and C\^{\i}rstea, C.},
  Pages                    = {393--399},
  Publisher                = {Springer},
  Series                   = {Lecture Notes in Computer Science},
  Volume                   = {6859}
}

@InProceedings{UB95,
  Title                    = {Program extraction from classical proofs},
  Author                   = {Berger, U. and Schwichtenberg, H.},
  Booktitle                = {Logic and Computational Complexity},
  Year                     = {1995},
  Editor                   = {Leivant, D.},
  Pages                    = {77--97},
  Publisher                = {Springer Berlin Heidelberg},
  Series                   = {Lecture {N}otes in {C}omputer {S}cience},
  Volume                   = {960},

  Owner                    = {andylawrence},
  Timestamp                = {2014.08.25}
}

@Article{UB01,
  Title                    = {The {W}arshall Algorithm and {D}ickson's Lemma: Two Examples of Realistic Program Extraction},
  Author                   = {Berger, U. and Schwichtenberg, H. and Seisenberger, M.},
  Journal                  = {Journal of Automated Reasoning},
  Year                     = {2001},
  Pages                    = {205--221},
  Volume                   = {26},

  Publisher                = {Kluwer Academic Publishers}
}

@Book{YB04,
  Title                    = {Interactive Theorem Proving and Program Development: {Coq}'Art: The Calculus of Inductive Constructions},
  Author                   = {Bertot, Y. and Cast{\'e}ran, P.},
  Publisher                = {Springer Verlag},
  Year                     = {2004},
  Series                   = {{T}exts in {T}heoretical {C}omputer {S}cience}
}

@Article{MB04,
  Title                    = {{CASL} {U}ser {M}anual},
  Author                   = { Bidoit, M. and Mosses, P. D.},
  Journal                  = {{L}ecture {N}otes in {C}omputer {S}cience},
  Year                     = {2004},
  Volume                   = {2900},

  Publisher                = {Springer}
}

@InProceedings{AB99A,
  Title                    = {Symbolic Model Checking Using {SAT} Procedures Instead of {BDD}s},
  Author                   = {Biere, A. and Cimatti, A. and Clarke, E. M. and Fujita, M. and Zhu, Y.},
  Booktitle                = {Proceedings of the 36th annual ACM/IEEE Design Automation Conference},
  Year                     = {1999},
  Pages                    = {317--320},
  Publisher                = {ACM},
  Series                   = {DAC '99}
}

@InProceedings{AB99B,
  Title                    = {Symbolic Model Checking Without {BDD}s},
  Author                   = {Biere, A. and Cimatti, A. and Clarke, E. M. and Zhu, Y.},
  Booktitle                = {Proceedings of the 5th International Conference on Tools and Algorithms for Construction and Analysis of Systems},
  Year                     = {1999},
  Pages                    = {193--207},
  Publisher                = {Springer-Verlag},
  Series                   = {TACAS '99}
}

@Book{AB09B,
  Title                    = {Handbook of Satisfiability},
  Author                   = {Biere, A. and Heule, M. and van Maaren, H. and Walsh, T.},
  Publisher                = {IOS Press},
  Year                     = {2009},

  Address                  = {Amsterdam},
  Series                   = {Frontiers in Artificial Intelligence and Applications},
  Volume                   = {185}
}

@Book{Biere2009,
  Title                    = {Handbook of Satisfiability},
  Author                   = { Biere, A. and Heule, M. and van Maaren, H. and Walsh, T.},
  Publisher                = {IOS Press},
  Year                     = {2009},

  Address                  = {Amsterdam},
  Series                   = {Frontiers in Artificial Intelligence and Applications},
  Volume                   = {185},

  ISBN                     = {1586039296, 9781586039295}
}

@Article{GB10,
  Title                    = {Semantic subtyping with an {SMT} solver},
  Author                   = {Bierman, G. M. and Gordon, A. D. and Hri\c{t}cu, C. and Langworthy, D.},
  Journal                  = {SIGPLAN Not.},
  Year                     = {2010},
  Pages                    = {105--116},
  Volume                   = {45},

  Issue                    = {9},
  Issue_date               = {September 2010},
  Publisher                = {ACM}
}

@InProceedings{JB10,
  Title                    = {Nitpick: A Counterexample Generator for Higher-Order Logic Based on a Relational Model Finder},
  Author                   = {Blanchette, J. and Nipkow, T.},
  Booktitle                = {Interactive Theorem Proving},
  Year                     = {2010},
  Pages                    = {131--146},
  Publisher                = {Springer Berlin / Heidelberg},
  Series                   = {Lecture Notes in Computer Science},
  Volume                   = {6172}
}

@InProceedings{JB11,
  Title                    = {Extending {S}ledgehammer with {SMT} {S}olvers},
  Author                   = {Blanchette, J. C. and BÃ¶hme, S. and Paulson, L. C.},
  Booktitle                = {23th International Conference on Automated Deduction. To appear. },
  Year                     = {2011},
  Publisher                = {CADE 2011}
}

@InProceedings{SB97,
  Title                    = {Using Reflection to Build Certified Decision Procedures},
  Author                   = {Boutin, S.},
  Booktitle                = {Theoretical Aspects of Computer Software},
  Year                     = {1997},
  Pages                    = {515--529},
  Volume                   = {1281},

  Journal                  = {{L}ecture {N}otes in {C}omputer {S}cience}
}

@InProceedings{AB09,
  Title                    = {A Brief Overview of {A}gda --- {A} {F}unctional {L}anguage with {D}ependent {T}ypes},
  Author                   = {Bove, A. and Dybjer, P. and Norell, U.},
  Booktitle                = {Proceedings of the 22nd International Conference on Theorem Proving in Higher Order Logics},
  Year                     = {2009},
  Publisher                = {Springer Berlin, Heidelberg},
  Series                   = {Lecture {N}otes in {C}omputer {S}cience},
  Volume                   = {5674}
}

@InProceedings{EB11,
  Title                    = {Idris: Systems Programming Meets Full Dependent Types},
  Author                   = {Brady, E.},
  Booktitle                = {Proceedings of the 5th ACM workshop on Programming Languages Meets Program Verification},
  Year                     = {2011},
  Pages                    = {43 -- 54},
  Publisher                = {ACM},

  Owner                    = {andylawrence},
  Timestamp                = {2014.04.10}
}

@Article{RB86,
  Title                    = {Graph-Based Algorithms for {B}oolean Function Manipulation},
  Author                   = {Bryant, K. L.},
  Journal                  = {IEEE Transactions on Computers},
  Year                     = {1986},
  Volume                   = {Volume 35 }
}

@InProceedings{JB90,
  Title                    = {Symbolic model checking: 1020 states and beyond},
  Author                   = {Burch, J.R. and Clarke, E.M. and McMillan, K.L. and Dill, D.L. and Hwang, L.J.},
  Booktitle                = {Logic in Computer Science, 1990. LICS '90, Proceedings. Fifth Annual IEEE Symposium},
  Year                     = {1990},
  Pages                    = {428--439}
}

@Book{CF28,
  Title                    = {A History of Mathematical Notations},
  Author                   = {Cajori, F.},
  Publisher                = {The Open Court Company},
  Year                     = {1928},

  Owner                    = {andylawrence},
  Timestamp                = {2014.03.23}
}

@Article{AC00,
  Title                    = {{NuSMV}: a new symbolic model checker},
  Author                   = {Cimatti, A. and Clarke, E. and Giunchiglia, F. and Roveri, M.},
  Journal                  = {International {J}ournal on {S}oftware {T}ools for {T}echnology {T}ransfer},
  Year                     = {2000},
  Volume                   = {2}
}

@InProceedings{AC98,
  Title                    = {Model Checking Safety Critical Software with {SPIN}: an Application to a Railway Interlocking System},
  Author                   = {Cimatti, A. and Giunchiglia, F. and Mongardi, G. and Romano, D. and Torielli, F. and Traverso, P.},
  Booktitle                = {Computer Safety, Reliability and Security},
  Year                     = {1998},
  Pages                    = {284--293},
  Publisher                = {Springer Berlin / Heidelberg},
  Series                   = {Lecture {N}otes in {C}omputer {S}cience},
  Volume                   = {1516}
}

@Article{EC01,
  Title                    = {Bounded Model Checking Using Satisfiability Solving},
  Author                   = {Clarke, E. and Biere, A. and Raimi, R. and Zhu, Y.},
  Journal                  = {Formal},
  Year                     = {2001},
  Number                   = {1},
  Pages                    = {7--34},
  Volume                   = {19},

  Owner                    = {andylawrence},
  Timestamp                = {2014.07.31}
}

@InProceedings{EC01b,
  Title                    = {Progress on the State Explosion Problem in Model Checking},
  Author                   = {Clarke, E. and Grumberg, O. and Jha, S. and Lu, Y. and Veith, H.},
  Booktitle                = {Informatics: 10 Years Back, 10 Years Ahead},
  Year                     = {2001},
  Editor                   = {Wilhelm, R.},
  Pages                    = {176--194},
  Publisher                = {Springer Berlin / Heidelberg},
  Series                   = {Lecture {N}otes in {C}omputer {S}cience},
  Volume                   = {2000},

  Owner                    = {andylawrence},
  Timestamp                = {2014.08.12}
}

@Article{EC97,
  Title                    = {Model Checking},
  Author                   = {Clarke, E. M.},
  Journal                  = {Lecture {N}otes in {C}omputer {S}cience},
  Year                     = {1997},
  Pages                    = {54--56},
  Volume                   = {1346},

  Publisher                = {Springer-Verlag}
}

@InProceedings{EM82,
  Title                    = {Design and synthesis of synchronization skeletons using branching time temproal logic},
  Author                   = {Clarke, E. M. and Emerson, E. A.},
  Booktitle                = {Logic of Programs: Workshop},
  Year                     = {1982},
  Editor                   = {Kozen D},
  Pages                    = {52--71},
  Publisher                = {Springer Berlin / Heidelberg},
  Series                   = {Lecture {N}otes in {C}omputer {S}cience},
  Volume                   = {131},

  Owner                    = {andylawrence},
  Timestamp                = {2014.04.09}
}

@Book{EMC99,
  Title                    = {Model {C}hecking},
  Author                   = { Clarke, E. M. and Grumberg, O. and Peled, P. A.},
  Publisher                = {MIT Press},
  Year                     = {1999}
}

@InProceedings{MC03,
  Title                    = {The {M}aude 2.0 System},
  Author                   = {Clavel, M. and Dur{\'a}n, F. and Eker, S. and Lincoln, P. and Mart{\'i}-Oliet, N. and Meseguer, J. and Talcott, C.},
  Booktitle                = {International Conference on Rewriting Techniques and Applications (RTA)},
  Year                     = {2003},
  Editor                   = {Nieuwenhuis, R.},
  Pages                    = {76-87},
  Publisher                = {Springer Berlin Heidelberg},
  Series                   = {Lecture {N}otes in {C}omputer {S}cience},
  Volume                   = {2706}
}

@Book{MaudeBook,
  Title                    = {All About Maude - A High-Performance Logical Framework},
  Author                   = {Clavel, M. and DurÃ¡n, F. and Eker, S. and Lincoln, P. and Mart{\'i} O. and Meseguer, J. and Talcott, C.},
  Publisher                = {Springer},
  Year                     = {2007},
  Series                   = {{L}ecture {N}otes in {C}omputer {S}cience},
  Volume                   = {4350},

  Owner                    = {andylawrence},
  Timestamp                = {2014.03.24}
}

@InProceedings{EC09,
  Title                    = {{VCC}: A Practical System for Verifying Concurrent {C}},
  Author                   = {Cohen, E. and Dahlweid, M. and Hillebrand, M. A. and Leinenbach, D. and Moskal, M. and Santen, T. and Schulte, W. and Tobies, S.},
  Booktitle                = {Theorem Proving in Higher Order Logics, 22nd International Conference, TPHOLs},
  Year                     = {2009},
  Pages                    = {23--42},
  Series                   = {{L}ecture Notes in {C}omputer {S}cience},
  Volume                   = {5674},

  Owner                    = {csal},
  Timestamp                = {2012.09.24}
}

@Book{RC86,
  Title                    = {Implementing Mathematics with the Nuprl Development System},
  Author                   = {Constable, R. L. },
  Publisher                = {Prentice-Hall},
  Year                     = {1986}
}

@Article{SC79,
  Title                    = {The Relative Efficiency of Propositional Proof Systems},
  Author                   = {Cook, S. A. and Reckhow, R. A.},
  Journal                  = {The Journal of Symbolic Logic},
  Year                     = {1979},
  Number                   = {44},
  Pages                    = {36--50},
  Volume                   = {44},

  Owner                    = {csal},
  Timestamp                = {2012.02.13}
}

@Book{THC01,
  Title                    = {Introduction to {A}lgorithms},
  Author                   = {Cormen, T. H. and Leiserson C. E. and Rivest, R. L. and Stein, C. L.},
  Publisher                = {MIT Press},
  Year                     = {2001},
  Volume                   = {2}
}

@InProceedings{CC91,
  Title                    = {Memory efficient Algorithms for the verification of temporal properties},
  Author                   = {Courcoubetis, C. and Vardi, M. and Wolper, P. and Yannakakis, M.},
  Booktitle                = {Computer-Aided Verification},
  Year                     = {1991},
  Editor                   = {Clarke, E. M. and Kurshan, P. K.},
  Pages                    = {233--242},
  Publisher                = {Springer Berlin / Heidelberg},
  Series                   = {Lecture {N}otes in {C}omputer {S}cience},
  Volume                   = {531},

  Owner                    = {andylawrence},
  Timestamp                = {2014.07.31}
}

@Article{HC58,
  Title                    = {Combinatory {L}ogic},
  Author                   = {Curry, H.B. and Feys, R. and Craig, W.},
  Journal                  = {Studies in {L}ogic and the {F}oundations of {M}athematics},
  Year                     = {1958},
  Volume                   = {1},

  Publisher                = {North-Holland}
}

@InProceedings{HC34,
  Title                    = {Functionality in {C}ombinatory {L}ogic},
  Author                   = {Curry, H. B.},
  Booktitle                = {Proceedings of the {N}ational {A}cademy of {S}ciences of the {U}nited {S}tates of {A}merica},
  Year                     = {1934},
  Pages                    = {584â€“-590},
  Volume                   = {20(11)}
}

@Article{DPLL,
  Title                    = {A Machine Program for Theorem-Proving},
  Author                   = {Davis, M. and Logemann, G. and Loveland, D.},
  Journal                  = {Commun. ACM},
  Year                     = {1962},
  Volume                   = {5},

  Issue                    = {7},
  Publisher                = {ACM}
}

@Article{MD60,
  Title                    = {A Computing Procedure for Quantification Theory},
  Author                   = {Davis, M. and Putnam, H.},
  Journal                  = {ACM},
  Year                     = {1960},
  Pages                    = {201--215},
  Volume                   = {7},

  Owner                    = {csal},
  Timestamp                = {2012.02.21}
}

@InCollection{NE04,
  Title                    = {An Extensible SAT-solver},
  Author                   = {E{\'e}n, N. and S{\"o}rensson, N.},
  Booktitle                = {Theory and {A}pplications of {S}atisfiability {T}esting},
  Publisher                = {Springer Berlin Heidelberg},
  Year                     = {2004},
  Editor                   = {Giunchiglia, E. and Tacchella, A.},
  Pages                    = {502--518},
  Series                   = {Lecture {N}otes in {C}omputer {S}cience},
  Volume                   = {2919}
}

@InProceedings{EN03,
  Title                    = {Temporal Induction by Incremental {SAT} solving},
  Author                   = {E{\'e}n, N. and S{\"o}rensson, N.},
  Booktitle                = {First International Workshop on Bounded Model Checking},
  Year                     = {2003},
  Number                   = {4},
  Pages                    = {543--560},
  Publisher                = {Elsevier},
  Series                   = {Electronic Notes in Theoretical Computer Science},
  Volume                   = {89},

  Owner                    = {andrew},
  Timestamp                = {2015.05.31}
}

@InProceedings{ES00,
  Title                    = {The {Maude} {LTL} Model Checker},
  Author                   = {Eker, S. and Meseguer, J. and Sridharanarayanan, A.},
  Booktitle                = {Fourth Workshop on Rewriting Logic and its Applications, WRLA '02},
  Year                     = {2002},
  Editor                   = {Gadducci, F. and Montanari, U.},
  Publisher                = {Elsevier},
  Series                   = {Electronic Notes in Theoretical Computer Science},
  Volume                   = {71}
}

@Article{EE86,
  Title                    = {"Sometimes" and "not never" revisited: on branching versus linear time temporal logic},
  Author                   = {Emerson, E. A. and Halpern, J. Y.},
  Journal                  = {Journal of the ACM},
  Year                     = {1986},
  Number                   = {1},
  Pages                    = {151--178},
  Volume                   = {33},

  Owner                    = {andylawrence},
  Timestamp                = {2014.04.25}
}

@InProceedings{MF11,
  Title                    = {Object-Oriented Formal Modeling and Analysis of Interacting Hybrid Systems in {HI}-{M}aude},
  Author                   = {Fadlisyah, M. and {\"O}lveczky, P. C. and {\'A}brah{\'a}m, E.},
  Booktitle                = {Software Engineering and Formal Methods},
  Year                     = {2011},
  Editor                   = {Barthe, G. and Pardo , A. and Schneider, G.},
  Pages                    = {415 -- 430},
  Publisher                = {Springer},
  Series                   = {{L}ecture {N}otes in {C}omputer {S}cience},
  Volume                   = {7041},

  Owner                    = {andylawrence},
  Timestamp                = {2014.03.23}
}

@InProceedings{MF12,
  Title                    = {Formal Modeling and Analysis of Human Body Exposure to Extreme Heat in {HI}-{M}aude},
  Author                   = {Fadlisyah, M. and {\"O}lveczky, P. C. and {\'A}brah{\'a}m, E.},
  Booktitle                = {Rewriting Logic and Its Applications},
  Year                     = {2012},
  Editor                   = {Dur{\'a}n, F.},
  Pages                    = {139-161},
  Publisher                = {Springer},
  Series                   = {{L}ecture {N}otes in {C}omputer {S}cience},
  Volume                   = {7571},

  Owner                    = {andylawrence},
  Timestamp                = {2014.03.23}
}

@InProceedings{WF98,
  Title                    = {Verification of interlockings: from control tables to ladder logic diagrams},
  Author                   = {Fokkink , W. and Hollingshead, P.},
  Booktitle                = {Proceedings of the 3rd Workshop on Formal Methods for Industrial Critical Systems - FMICS'98},
  Year                     = {1998},
  Editor                   = {Groote, J. F. and Luttik, S. P. and van Wamel, J. J.},
  Pages                    = {171--185}
}

@InProceedings{VF98,
  Title                    = {Verification of Interlockings: from Control Tables to Ladder Logic Diagrams},
  Author                   = {Fokkink, W. and Hollingshead, P.},
  Booktitle                = {Proceedings of the 3rd Workshop on Formal Methods for Industrial Critical Systems - FMICS'98},
  Year                     = {1998},
  Pages                    = {171--185}
}

@Article{PF06,
  Title                    = {Expressiveness + Automation + Soundness: Towards Combining {SMT} Solvers and Interactive Proof Assistants},
  Author                   = {Fontaine, P. and Marion, J. Y. and Merz, S. and Nieto, L. P. and Tiu, A.},
  Journal                  = {Lecture {N}otes in {C}omputer {S}cience},
  Year                     = {2006},
  Pages                    = {167--181},
  Volume                   = {3920},

  Publisher                = {Springer-Verlag}
}

@Book{SSD06,
  Title                    = {The Seventeen Provers of the World},
  Author                   = {Foreword by Scott, D. S.},
  Editor                   = {Wiedijk, F.},
  Publisher                = {Springer-Verlag},
  Year                     = {2006},
  Series                   = {Lecture {N}otes in {A}rtificial {I}ntelligence},
  Volume                   = {3600},

  Owner                    = {andylawrence},
  Timestamp                = {2014.08.07}
}

@InProceedings{GF05,
  Title                    = {PHAVer: Algorithmic Verification of Hybrid Systems Past HyTech},
  Author                   = {Frehse, G.},
  Booktitle                = {Hybrid Systems: Computation and Control},
  Year                     = {2005},
  Editor                   = {Morari, M. and Thiele, L.},
  Pages                    = {258--273},
  Publisher                = {Springer Berlin / Heidelberg},
  Series                   = {Lecture {N}otes in {C}omputer {S}cience},
  Volume                   = {3414},

  Owner                    = {andylawrence},
  Timestamp                = {2014.04.10}
}

@InProceedings{PG01,
  Title                    = {Fast {LTL} to {B}{\"u}chi Automata Translation},
  Author                   = {Gastin, P. and Oddoux, D.},
  Booktitle                = {{P}roceedings of the 13th {I}nternational {C}onference on {C}omputer {A}ided {V}erification ({CAV}'01)},
  Year                     = {2001},
  Editor                   = {Berry, G. and Comon, H. and Finkel, A.},
  Pages                    = {53--65},
  Publisher                = {Springer Berlin / Heidelberg},
  Series                   = {Lecture {N}otes in {C}omputer {S}cience},
  Volume                   = {2102},

  Url                      = {http://www.lsv.ens-cachan.fr/Publis/PAPERS/PS/Cav01go.ps}
}

@InCollection{GG69,
  Title                    = {Investigations into Logical Deduction},
  Author                   = {Gentzen, G.},
  Booktitle                = {Collected Papers of Gerhard Gentzen},
  Publisher                = {Elsevier},
  Year                     = {1969},
  Pages                    = {68--131},
  Series                   = {Studies in Logic and the Foundations of Mathematics},
  Volume                   = {55},

  Owner                    = {csal},
  Timestamp                = {2014.03.11}
}

@Article{HG09,
  Title                    = {Proof assistants: History, ideas and future},
  Author                   = {Geuvers, H.},
  Journal                  = {Sadhana},
  Year                     = {2009},
  Number                   = {1},
  Pages                    = {3--25},
  Volume                   = {34},

  Owner                    = {andylawrence},
  Timestamp                = {2014.08.07}
}

@Article{MG14,
  Title                    = {Formalizing a subset of {ERTMS/ETCS} sspecification for verification purposes},
  Author                   = {Ghazel, M.},
  Journal                  = {Transportation Research Part C: Emerging Technologies},
  Year                     = {2014},
  Pages                    = {60--75},
  Volume                   = {42},

  Owner                    = {csal},
  Publisher                = {Elsevier},
  Timestamp                = {2014.04.02}
}

@InProceedings{AG05,
  Title                    = {Towards a formal specification of an electronic payment system},
  Author                   = {Gimblett, A. and Roggenbach, M. and Schlingloff, H.},
  Booktitle                = {WADT 2004},
  Year                     = {2005},
  Pages                    = {61--78},
  Publisher                = {Springer},
  Volume                   = {3423},

  Journal                  = {{L}ecture {N}otes in {C}omputer {S}cience}
}

@Article{RG09,
  Title                    = {Hybrid dynamical systems},
  Author                   = {Goebel, R. and Sanfelice, R. and Teel, A.},
  Journal                  = {Control Systems, IEEE},
  Year                     = {2009},
  Number                   = {2},
  Pages                    = {28--93},
  Volume                   = {29}
}

@InProceedings{NH00,
  Title                    = {Verifying a Simple Pipelined Microprocessor Using Maude},
  Author                   = {Harman, N.A.},
  Booktitle                = {Recent Trends in Algebraic Development Techniques},
  Year                     = {2002},
  Editor                   = {Cerioli, Maura and Reggio, Gianna},
  Pages                    = {128--151},
  Publisher                = {Springer Berlin Heidelberg},
  Series                   = {Lecture Notes in Computer Science},
  Volume                   = {2267}
}

@Book{JH09,
  Title                    = {Handbook of {P}ractical {L}ogic and {A}utomated {R}easoning.},
  Author                   = {Harrison, J.},
  Publisher                = {Cambridge University Press},
  Year                     = {2009}
}

@Article{DH00,
  Title                    = {Proof {R}eflection in {C}oq},
  Author                   = {Hendriks, D.},
  Journal                  = {Journal of Automated Reasoning},
  Year                     = {2002},
  Pages                    = {277--307},
  Volume                   = {29},

  Issue                    = {3},
  Publisher                = {Springer Netherlands}
}

@InProceedings{TH96,
  Title                    = {The Theory of Hybrid Automata},
  Author                   = {Henzinger, T. A.},
  Booktitle                = {Proceedings of the 11th Annual IEEE Symposium on Logic in Computer Science},
  Year                     = {1996},
  Pages                    = {278--292},
  Publisher                = {IEEE Computer Society},
  Series                   = {LICS '96}
}

@Book{GH04,
  Title                    = {The SPIN Model Checker},
  Author                   = {Holzmann, G.},
  Publisher                = {Addison Wesley},
  Year                     = {2004},

  Owner                    = {andylawrence},
  Timestamp                = {2014.04.29}
}

@InProceedings{GH96,
  Title                    = {On Nested Depth First Search},
  Author                   = {Holzmann, G. J. and Peled, D. and Yannakakis, M.},
  Booktitle                = {Second {SPIN} workshop},
  Year                     = {1996},
  Pages                    = {23--32},
  Publisher                = {AMS},

  Owner                    = {andylawrence},
  Timestamp                = {2014.08.17}
}

@Article{WH80,
  Title                    = {The formulae-as-types notion of construction},
  Author                   = {Howard, W. A.},
  Journal                  = {To H. B. Curry: Essays on Combinatory Logic, Lambda Calculus and Formalism},
  Year                     = {1980},

  Editors                  = {Hindley, J.R. and Seldin, J.P.},
  Publisher                = {Academic Press, Orlando, Fla}
}

@InProceedings{DI13,
  Title                    = {Inductive Verification of Hybrid Automata with Strongest Postcondition Calculus},
  Author                   = {Ishii, D. and Melquiond, G. and Nakajima, S.},
  Booktitle                = {Proceedings of the 10th International Conference on Integrated Formal Methods},
  Year                     = {2013},
  Pages                    = {139--153},
  Publisher                = {Springer Berlin Heidelberg},
  Series                   = {{L}ecture {N}otes in {C}omputer {S}cience},

  Colume                   = {7940},
  Owner                    = {andylawrence},
  Timestamp                = {2014.03.01}
}

@Conference{YI12,
  Title                    = {Safety and line capacity in railways: An approach in {T}imed {CSP}},
  Author                   = {Isobe, Y. and Nguyen, H. N. and Roggenbach, M. and Moller, F.},
  Booktitle                = {The 9th Conference on Integrated Formal Methods},
  Year                     = {2012},
  Editor                   = {Derrick, J. and Gnesi, S. and Latella, S. and Treharne, H.},
  Pages                    = {54--68},
  Publisher                = {Springer},
  Series                   = {{L}ecture {N}otes In {C}omputer {S}cience},
  Volume                   = {7321},

  Owner                    = {andylawrence},
  Timestamp                = {2014.03.22}
}

@PhdThesis{PhilPhD,
  Title                    = {Designing domain specific lanaguages for verification and applications to the railway domain},
  Author                   = {James, P.},
  School                   = {Swansea University},
  Year                     = {2014},

  Owner                    = {andylawrence},
  Timestamp                = {2014.08.19}
}

@Article{PJ10,
  Title                    = {{SAT}-{B}ased {M}odel {C}hecking and its {A}pplications to {T}rain {C}ontrol {S}ystems},
  Author                   = {James, P.},
  Journal                  = {Swansea University},
  Year                     = {2010}
}

@InProceedings{AL14a,
  Title                    = {Verification of Solid State Interlocking Programs},
  Author                   = {James, P. and Lawrence, A. and Moller, F. and Roggenbach, M. and Seisenberger, M. and Setzer, A. and Kanso, K. and Chadwick, S.},
  Booktitle                = {Software Engineering and Formal Methods},
  Year                     = {2014},
  Editor                   = {Counsell, S. and N{\'u}{\~n}ez, M.},
  Pages                    = {253--268},
  Publisher                = {Springer International Publishing},
  Series                   = {{L}ecture {N}otes in {C}omputer {S}cience},
  Volume                   = {8368},

  Owner                    = {andylawrence},
  Timestamp                = {2014.08.04}
}

@InProceedings{AL13,
  Title                    = {Verification of Solid State Interlocking Programs},
  Author                   = {James, P. and Lawrence, A. and Moller, F. and Roggenbach, M. and Seisenberger, M. and Setzer, A. and Kanso, K. and Chadwick, S.},
  Booktitle                = {FM-Rail-BOK Workshop},
  Year                     = {2013},
  Publisher                = {DTU},
  Series                   = {DTU Compute Technical Report},
  Volume                   = {20},

  Owner                    = {andylawrence},
  Timestamp                = {2014.11.16}
}

@PhdThesis{kahsai10,
  Title                    = {{P}roperty {P}reserving {D}evelopment and {T}esting for {CSP-CASL}},
  Author                   = {Temesghen Kahsai},
  School                   = {Swansea University},
  Year                     = {2010}
}

@PhdThesis{KarimPhD,
  Title                    = {Agda as a Platform for the Development of Verified Railway Interlocking Systems},
  Author                   = {Kanso, K.},
  School                   = {Department of Computer Science, Swansea University},
  Year                     = {2013},

  Address                  = {Singleton Park, Swansea, SA2 8PP, UK},

  Owner                    = {andylawrence},
  Timestamp                = {2014.03.22}
}

@Article{KK08,
  Title                    = {{F}ormal {V}erification of {L}adder {L}ogic},
  Author                   = {Kanso, K.},
  Journal                  = {Swansea University},
  Year                     = {2008}
}

@Article{KK09,
  Title                    = {{Automated Verification of Signalling Principles in Railway Interlocking Systems}},
  Author                   = {Kanso, K. and Moller, F. and Setzer, A.},
  Journal                  = {Electronic Notes in Theoretical Computer Science},
  Year                     = {2009},
  Number                   = {2},
  Pages                    = {19--31},
  Volume                   = {250},

  Publisher                = {Elsevier}
}

@Article{KarimPaper,
  Title                    = {A light-weight integration of automated and interactive theorem proving},
  Author                   = {Kanso, K. and Setzer, A.},
  Journal                  = {Submitted to Mathematical Structures in Computer Science},

  Owner                    = {andylawrence},
  Timestamp                = {2014.08.19}
}

@InProceedings{HK96,
  Title                    = {Pushing the Envelope: Planning, Propositional Logic, and Stochastic Search},
  Author                   = {Kautz, H. and Selman, B.},
  Booktitle                = {Conference on Artificial Intelligence},
  Year                     = {1996},
  Pages                    = {1194--1201},
  Publisher                = {AAAI Press}
}

@InProceedings{CK13,
  Title                    = {Extended Resolution as Certificates for Propositional Logic},
  Author                   = {Keller, C.},
  Booktitle                = {Proof Exchange for Theorem Proving},
  Year                     = {2013},
  Editor                   = {Blanchette, Jasmin Christian and Urban, Josef},
  Pages                    = {96--109},
  Series                   = {EPiC Series},
  Volume                   = {14}
}

@Article{KR01,
  Title                    = {Introduction to {R}ailway {S}ignalling},
  Author                   = {Kerr, D. and Rowbotham, T.},
  Journal                  = {Institution of Railway Signal Engineers},
  Year                     = {2001}
}

@Article{KR59,
  Title                    = {Interpretation of analysis by means of constructive functionals of finite types},
  Author                   = {Kreisel, G.},
  Journal                  = {Constructivity in Mathematics},
  Year                     = {1959},
  Pages                    = {101--128},

  Editor                   = {Heyting, A.}
}

@Article{SK63,
  Title                    = {Semantical Considerations on Modal Logic},
  Author                   = {Kripke, S. A.},
  Journal                  = {Acta Philosophica Fennica},
  Year                     = {1963},
  Pages                    = {83--94},
  Volume                   = {16},

  Owner                    = {andylawrence},
  Timestamp                = {2014.08.04}
}

@Misc{OK02,
  Title                    = {Investigating the behaviour of a SAT solver on random formulas},

  Author                   = {Kullmann, O.},
  Year                     = {2002},

  Booktitle                = {Computer Science Report Series},
  Publisher                = {University of Wales Swansea}
}

@InProceedings{MK11,
  Title                    = {{PRISM} 4.0: Verification of Probablistic Real-Time Systems},
  Author                   = {Kwiatkowska, M. and Norman G. and Parker, D.},
  Booktitle                = {Computer Aided Verification},
  Year                     = {2011},
  Editor                   = {Gopalakrishnan, G. and Qadeer, S.},
  Pages                    = {585--591},
  Publisher                = {Springer Berlin / Heidelberg},
  Series                   = {Lecture {N}otes in {C}omputer {S}cience},
  Volume                   = {6806},

  Owner                    = {andylawrence},
  Timestamp                = {2014.04.30}
}

@Book{KL96,
  Title                    = {The {B} language and method: A guide to practical formal development},
  Author                   = {Lano, K.},
  Publisher                = {Springer},
  Year                     = {1996}
}

@InProceedings{CL04,
  Title                    = {{LLVM: A Compilation Framework for Lifelong Program Analysis \& Transformation}},
  Author                   = {Lattner, C. and Adve, V.},
  Booktitle                = {{Proceedings of the 2004 International Symposium on Code Generation and Optimization (CGO'04)}},
  Year                     = {2004},
  Publisher                = {IEEE Computer Society}
}

@Article{AL11,
  Title                    = {Verification of {R}ailway {I}nterlockings in {SCADE}},
  Author                   = {Lawrence, A.},
  Journal                  = {Swansea University},
  Year                     = {2011}
}

@Article{AL12,
  Title                    = {Extracting a {DPLL} Algorithm},
  Author                   = {Lawrence, A. and Berger, U. and Seisenberger, M.},
  Journal                  = {Electronic Notes in Theoretical Computer Science},
  Year                     = {2012},
  Pages                    = {243--256},
  Volume                   = {286}
}

@Article{AL13b,
  Title                    = {Formalising {ERTMS} using Hybrid Automata},
  Author                   = {Lawrence, A. and Seisenberger, M.},
  Journal                  = {In preparation}
}

@InProceedings{AL10,
  Title                    = {Verification of Railway Interlockings in SCADE},
  Author                   = {Lawrence, A. and Seisenberger, M.},
  Booktitle                = {AVOCS 2010},
  Year                     = {2010},
  Publisher                = {EASST},
  Series                   = {Electronic Communications of the EASST},

  Owner                    = {andylawrence},
  Timestamp                = {2014.08.24}
}

@InProceedings{GL97,
  Title                    = {An analysis of the {A}riane 5 flight 501 failure-a system engineering perspective},
  Author                   = {Le Lann, G.},
  Booktitle                = {Engineering of Computer-Based Systems, 1997. Proceedings., International Conference and Workshop on},
  Year                     = {1997},
  Pages                    = {339--346},
  Publisher                = {IEEE Computer Society},

  Owner                    = {andylawrence},
  Timestamp                = {2014.04.03}
}

@InProceedings{SL08,
  Title                    = {{A {R}eflexive {F}ormalization of a {SAT} {S}olver in {C}oq}},
  Author                   = {Lescuyer, S. and Conchon, S.},
  Booktitle                = {Theorem Proving in Higher Order Logics (TPHOLs 2008)},
  Year                     = {2008},
  Editor                   = {Otmane A\"{\i}t Mohamed and C{\'e}sar Mu{\~n}oz and Sofi{\`e}ne Tahar},
  Series                   = {Lecture Notes in Computer Science},
  Volume                   = {5170}
}

@InProceedings{ProB,
  Title                    = {ProB: A Model Checker for B},
  Author                   = {Leuschel, M. and Butler, M.},
  Booktitle                = {FME 2003: Formal Methods},
  Year                     = {2003},
  Editor                   = {Araki, K. and Gnesi, S. and Mandrioli, D.},
  Pages                    = {855--874},
  Publisher                = {Springer Berlin / Heidelberg},
  Series                   = {Lecture {N}otes in {C}omputer {S}cience},
  Volume                   = {2805},

  Owner                    = {andylawrence},
  Timestamp                = {2014.08.12}
}

@InProceedings{YL11,
  Title                    = {Formal modeling and verification of RBC handover of ETCS using Differential Dynamic Logic},
  Author                   = {Liu, Y. and Tang, T. and Liu, J. and Zhao, L. Xu, T.},
  Booktitle                = {Tenth International Symposium on Autonomous Decentralizaed Systems},
  Year                     = {2011},
  Publisher                = {IEE},

  Owner                    = {csal},
  Timestamp                = {2014.04.03}
}

@Article{DL68,
  Title                    = {Mechanical Theorem-Proving by Model Elimination},
  Author                   = {Loveland, D. W.},
  Journal                  = {J. ACM},
  Year                     = {1968},
  Pages                    = {236--251},
  Volume                   = {15},

  Issue                    = {2},
  Publisher                = {ACM}
}

@InProceedings{OM95,
  Title                    = {Combining Model Checking and Deduction for {I/O}-Automata},
  Author                   = {M{\"u}ller, O. and Nipkow, T. and Munchen Y, T.},
  Booktitle                = {In Tools and Algorithms for the Construction and Analysis of Systems},
  Year                     = {1995},
  Pages                    = {1--16},
  Publisher                = {Springer-Verlag}
}

@Book{VM09,
  Title                    = {Introduction to Mathematics of Satisfiability},
  Author                   = {Marek, V. W.},
  Publisher                = {Chapman \& Hall/CRC},
  Year                     = {2009},
  Edition                  = {1st}
}

@Article{FM10b,
  Title                    = {Formal verification of a modern {SAT} solver by shallow embedding into {I}sabelle/{HOL}},
  Author                   = {Mari{\'c}, F.},
  Journal                  = {Theoretical {C}omputer {S}cience},
  Year                     = {2010},
  Number                   = {50},
  Pages                    = {4333--4356},
  Volume                   = {411}
}

@Article{GM10,
  Title                    = {{F}ormal {C}orrectness {P}roof for {DPLL} {P}rocedure},
  Author                   = {Mari{\'c}, F. and Jani{\v{c}}i{\'c}, P.},
  Journal                  = {Informatica},
  Year                     = {2010},
  Pages                    = {57--78},
  Volume                   = {21},

  Issue                    = {1},
  Publisher                = {IOS Press}
}

@Article{FM10,
  Title                    = {Formal Correctness Proof for {DPLL} Procedure},
  Author                   = {Mari\'{c}, F. and Jani\v{c}i\'{c}, P.},
  Journal                  = {Informatica},
  Year                     = {2010},
  Number                   = {1},
  Pages                    = {57--78},
  Volume                   = {21},

  Owner                    = {csal},
  Timestamp                = {2012.02.13}
}

@Article{MS99,
  Title                    = {{GRASP}: {A} {S}earch {A}lgorithm for {P}ropositional {S}atisfiability},
  Author                   = {Marques-Silva, J. P. and Sakallah, K. A.},
  Journal                  = {IEEE Trans. Computers},
  Year                     = {1999},
  Number                   = {5},
  Pages                    = {506-521},
  Volume                   = {48},

  Bibsource                = {DBLP, http://dblp.uni-trier.de},
  Ee                       = {http://doi.ieeecomputersociety.org/10.1109/12.769433}
}

@InProceedings{MS96,
  Title                    = {{GRASP}-A New Search Algorithm for Satisfiability},
  Author                   = {Marques-Silva, J. P. and Sakallah, K. A.},
  Booktitle                = {International Conference on Computer-Aided Design},
  Year                     = {1996},
  Pages                    = {220--227},

  Owner                    = {csal},
  Timestamp                = {2012.08.31}
}

@Article{PM80,
  Title                    = {Intuitionistic {T}ype {T}heory},
  Author                   = {Martin-L{\"o}f, P.},
  Journal                  = {Notes of Giovanni Sambin on a series of lectures given at the University of Padova, Italy},
  Year                     = {1980},

  Url                      = {http://www.cs.cmu.edu/afs/cs/Web/People/crary/819-f09/Martin-Lof80.pdf}
}

@Article{CM04,
  Title                    = {Epigram: {P}ractical {P}rogramming with {D}ependent {T}ypes},
  Author                   = {McBride, C.},
  Journal                  = {{L}ecture {N}otes in {C}omputer {S}cience},
  Year                     = {2004},
  Pages                    = {130--170},
  Volume                   = {3622},

  Publisher                = {Springer Verlag}
}

@Misc{Prover9,
  Title                    = {Prover9 and {M}ace4},

  Author                   = {McCune, W. },

  Url                      = {http://www.cs.unm.edu/~mccune/prover9}
}

@InProceedings{JM98,
  Title                    = {Membership algebra as a logical framework for equational specification},
  Author                   = {Meseguer, J.},
  Booktitle                = {Recent Trends in Algebraic Development Techniques},
  Year                     = {1998},
  Editor                   = {Presicce, F. P.},
  Pages                    = {18--61},
  Publisher                = {Springer Berlin / Heidelberg},
  Series                   = {Lecture {N}otes in {C}omputer {S}cience},
  Volume                   = {1376},

  Owner                    = {andylawrence},
  Timestamp                = {2014.07.07}
}

@Misc{MH99,
  Title                    = {Modelling and Simulation of Train Control Systems using Petri Nets},

  Author                   = {Meyer zu H{\"o}rste, M.},
  Year                     = {1999},

  Booktitle                = {Proceedings of the Wold Congress on Formal Methods in the Development of Computing Systems (FM '99)},
  Publisher                = {Springer-Verlag},
  Volume                   = {2}
}

@Conference{FM12b,
  Title                    = {Defining and Model Checking Abstractions of Complex Railway Models Using {CSP$\parallel$B}},
  Author                   = {Moller, F. and Nguyen, H. N. and Roggenbach, M. and Schneider, S. and Treharne, H.},
  Booktitle                = {Hardware and Software: Verification and Testing},
  Year                     = {2012},
  Editor                   = {Biere, A. and Nahir , A. and Vos, T.},
  Pages                    = {193 -- 208},
  Publisher                = {Springer},
  Series                   = {Lecture Notes in Computer Science},
  Volume                   = {7857},

  Owner                    = {andylawrence},
  Timestamp                = {2014.03.22}
}

@Conference{FM12,
  Title                    = {Railway modelling in {CSP$\parallel$B}: the double junction case study},
  Author                   = {Moller, F. and Nguyen, H. N. and Roggenbach, M. and Schneider, S. and Treharne, H.},
  Booktitle                = {Proceedings of the 12th International Workshop on Automated Verification of Critical Systems (AVoCS 2012)},
  Year                     = {2012},
  Publisher                = {EASST},
  Series                   = {Electronic Communications of the EASST},

  Owner                    = {andylawrence},
  Timestamp                = {2014.03.22}
}

@InProceedings{MM01,
  Title                    = {Chaff: Engineering an Efficient {SAT} Solver},
  Author                   = { Moskewicz, M. W. and Madigan, C. F. and Zhao, Y. and Zhang, L. and Malik, S.},
  Booktitle                = {Annual ACM IEEE Design Automation Conference},
  Year                     = {2001},
  Pages                    = {530--535},
  Publisher                = {ACM}
}

@Article{PM04,
  Title                    = {{CASL} {R}eference {M}anual},
  Author                   = {Mosses, P. D. , editor},
  Journal                  = {{L}ecture {N}otes in {C}omputer {S}cience},
  Volume                   = {2960},

  Publisher                = {Springer}
}

@InCollection{LM08,
  Title                    = {{Z3}: {A}n {E}fficient {SMT} {S}olver},
  Author                   = {de Moura, L. and BjÃ¸rner, N.},
  Booktitle                = {Tools and Algorithms for the Construction and Analysis of Systems},
  Publisher                = {Springer Berlin / Heidelberg},
  Year                     = {2008},
  Pages                    = {337--340},
  Series                   = {Lecture Notes in Computer Science},
  Volume                   = {4963}
}

@InProceedings{JM10,
  Title                    = {Chip and PIN is Broken},
  Author                   = {Murdoch, S. J. and Drimer, S. and Anderson, R. and Bond, M.},
  Booktitle                = {Security and Privacy (SP), 2010 IEEE Symposium on},
  Year                     = {2010},
  Pages                    = {433--446},
  Publisher                = {IEEE Computer Society},

  Owner                    = {andylawrence},
  Timestamp                = {2014.04.25}
}

@Article{TN99,
  Title                    = {Isabelle/{HOL}: {A} {P}roof {A}ssistant for {H}igher-{O}rder {L}ogic},
  Author                   = {Nipkow, T. and Paulson, L. C. and Wenzel, M.},
  Journal                  = {{L}ecture {N}otes in {C}omputer {S}cience},
  Year                     = {1999},
  Volume                   = {2283},

  Publisher                = {Springer Verlag}
}

@InProceedings{DO12,
  Title                    = {Ver{SAT}: A Verified Modern {SAT} Solver},
  Author                   = {Oe, D. and Stump, A. and Oliver, C. and Clancy, K.},
  Booktitle                = {Verification, Model Checking, and Abstract Interpretation},
  Year                     = {2012},
  Pages                    = {363--378},
  Publisher                = {Springer Berlin Heidelberg},
  Series                   = {Lecture {N}otes in {C}omputer {S}cience},

  Owner                    = {csal},
  Timestamp                = {2012.09.24}
}

@Misc{CO98,
  Title                    = {Purely {F}unctional {D}ata {S}tructures},

  Author                   = {Okasaki, C.},
  Year                     = {1998},

  Publisher                = {Cambridge University Press}
}

@InCollection{LP88,
  Title                    = {A formulation of the simple theory of types (for Isabelle)},
  Author                   = {Paulson, L.},
  Booktitle                = {COLOG-88},
  Publisher                = {Springer Berlin / Heidelberg},
  Year                     = {1990},
  Pages                    = {246--274},
  Series                   = {Lecture Notes in Computer Science},
  Volume                   = {417},

  ISBN                     = {978-3-540-52335-2},
  Keyword                  = {Computer Science}
}

@Article{LP94,
  Title                    = {Isabelle: {A} {G}eneric {T}heorem {P}rover},
  Author                   = {Paulson, L. C.},
  Journal                  = {{L}ecture {N}otes in {C}omputer {S}cience},
  Year                     = {1994},
  Volume                   = {828},

  Publisher                = {Springer Verlag}
}

@InProceedings{LP07,
  Title                    = {Source-{L}evel {P}roof {R}econstruction for {I}nteractive {T}heorem {P}roving},
  Author                   = {Paulson, L. C. and Susanto, K. W.},
  Booktitle                = {Proceedings of the 20th {I}nternational {C}onference on Theorem Proving in Higher Order Logics},
  Year                     = {2007},
  Pages                    = {232--245},
  Publisher                = {Springer-Verlag},
  Series                   = {TPHOLs'07}
}

@InProceedings{RP09,
  Title                    = {Fighting State Space Explosion: Review and Evaluation},
  Author                   = {Pel{\'a}nek, R.},
  Booktitle                = {Formal Methods for Industrial Critical Systems},
  Year                     = {2009},
  Editor                   = {Cofer, D. and Fantechi, A.},
  Pages                    = {37--52},
  Publisher                = {Springer Berlin},
  Series                   = {Lecture {N}otes in {C}omputer {S}cience},
  Volume                   = {5596},

  Owner                    = {andylawrence},
  Timestamp                = {2014.08.12}
}

@InProceedings{DP94,
  Title                    = {Combining partial order reductions with on-the-fly model-checking},
  Author                   = {Peled, D.},
  Booktitle                = {In Proceedings of the 6th International Conference on Computer Aided Verification (CAV'94)},
  Year                     = {1994},
  Pages                    = {377--390},
  Publisher                = {Springer-Verlag},

  Owner                    = {andylawrence},
  Timestamp                = {2014.04.29}
}

@InProceedings{KP09,
  Title                    = {On the Power of Clause-Learning SAT Solvers with Restarts},
  Author                   = {Pipatsrisawat, K. and Darwiche, A.},
  Booktitle                = {Principles and Practice of Constraint Programming},
  Year                     = {2009},
  Editor                   = {Gent, I. P.},
  Pages                    = {654--668},
  Publisher                = {Springer Berlin / Heidelberg},
  Series                   = {Lecture {N}otes in {C}omputer {S}cience},
  Volume                   = {5732},

  Owner                    = {andylawrence},
  Timestamp                = {2014.08.04}
}

@Article{AP08,
  Title                    = {Differential dynamic logic for hybrid systems},
  Author                   = {Platzer, A.},
  Journal                  = {Journal of Automated Reasoning},
  Year                     = {2008},
  Number                   = {2},
  Pages                    = {143--189},
  Volume                   = {41},

  Publisher                = {Springer}
}

@InProceedings{AP08b,
  Title                    = {{KeY}maera: A hybrid theorem prover for hybrid systems},
  Author                   = {Platzer, A. and Quesel, J.},
  Booktitle                = {Automated Reasoning, 4th International Joint Conference on (IJCAR)},
  Year                     = {2008},
  Editor                   = {Armando, A. and Baumgartner, P. and Dowek, G.},
  Pages                    = {171--178},
  Publisher                = {Springer Berlin / Heidelberg},
  Series                   = {Lecture {N}otes in {C}omputer {S}cience},
  Volume                   = {5195},

  Owner                    = {csal},
  Timestamp                = {2014.04.03}
}

@InProceedings{AP09,
  Title                    = {European Train Control System: A Case Study in Formal Verification},
  Author                   = {Platzer, A. and Quesel, J.},
  Booktitle                = {Formal Methods and Software Engineering, Proceedings of the 11th International Conference on Formal Engineering Methods (ICFEM)},
  Year                     = {2009},
  Editor                   = {Breitman, K. and Cavalcanti, A.},
  Pages                    = {246--265},
  Publisher                = {Springer Berlin / Heidelberg},
  Series                   = {{L}ecture {N}otes in {C}omputer {S}cience},
  Volume                   = {5885},

  Owner                    = {csal},
  Timestamp                = {2014.04.03}
}

@InProceedings{AP77,
  Title                    = {The Temporal Logic of Programs},
  Author                   = {Pnueli, A.},
  Booktitle                = {18th Annual Symposium on Foundations of Computer Science},
  Year                     = {1977},

  Owner                    = {csal},
  Timestamp                = {2014.01.21}
}

@InProceedings{JQ82,
  Title                    = {Specification and verification of concurrent systems in {CESAR}},
  Author                   = {Queille, J. P. and Sifakis, J.},
  Booktitle                = {International Symposium on Programming: Proceedings of the 5th Colloquium Turin},
  Year                     = {1982},
  Editor                   = {Dezani-Ciancaglini, M. and Montanari},
  Pages                    = {337--351},
  Publisher                = {Springer-Verl},
  Series                   = {Lecture {N}otes in {C}omputer {S}cience},
  Volume                   = {137},

  Owner                    = {andylawrence},
  Timestamp                = {2014.04.09}
}

@Misc{ETCSHB,
  Title                    = {{ETCS} Implementation Handbook},

  Author                   = {International Union of Railways},
  Year                     = {2008}
}

@Misc{ETCSSRS,
  Title                    = {{ETCS} System Requirements Specification (SRS)},

  Author                   = {International Union of Railways},
  Year                     = {2006},

  Version                  = { 2.3.0}
}

@InProceedings{DR09,
  Title                    = {Decorating Proofs},
  Author                   = {Ratiu, D. and Schwichtenberg, H.},
  Booktitle                = {Proofs, Categories and Computations. Essays in honor of Grigori Mints},
  Year                     = {2010},
  Editor                   = {Feferman, S. and Sieg, W.},
  Pages                    = {171--188},
  Publisher                = {College Publications},

  HowPublished             = {Proofs, Categories and Computations. Essays in honor of Grigori Mints, College Publicatio}
}

@Article{AR02,
  Title                    = {The {D}esign and {I}mplementation of {VAMPIRE}},
  Author                   = {Riazanov, A. and Voronkov, A.},
  Journal                  = {AI Communications},
  Year                     = {2002},
  Pages                    = {91--110},
  Volume                   = {15},

  Issue                    = {2,3},
  Publisher                = {IOS Press}
}

@Article{JR68,
  Title                    = {The generalized resolution principle},
  Author                   = { Robinson, J. A.},
  Journal                  = {Machine Intelligence},
  Year                     = {1968},
  Pages                    = {77--94},
  Volume                   = {3}
}

@Article{JR65,
  Title                    = {A Machine-Oriented Logic Based on the Resolution Principle},
  Author                   = {Robinson, J. A.},
  Journal                  = {J. ACM},
  Year                     = {1965},
  Pages                    = {23--41},
  Volume                   = {12},

  Issue                    = {1},
  Publisher                = {ACM}
}

@Article{SR14,
  Title                    = {Resolution Proof Transformation for Compression and Interpolation},
  Author                   = {Rollini, S. F. and Bruttomesso, R. and Sharygina, N. and Tsitovich, A.},
  Journal                  = {Formal Methods in System Design},
  Year                     = {2014},

  Month                    = {August},
  Number                   = {1},
  Pages                    = {1--41},
  Volume                   = {45},

  Owner                    = {andylawrence},
  Publisher                = {Springer US},
  Timestamp                = {2014.09.21}
}

@Article{Ls09,
  Title                    = {HasCasl: Integrated higher-order specification and program development},
  Author                   = {Schr{\"o}der, L. and Mossakowski, T.},
  Journal                  = {Theoretical Computer Science},
  Year                     = {2009},
  Number                   = {12-13},
  Pages                    = {1217--1260},
  Volume                   = {410}
}

@Unpublished{HS14,
  Title                    = {Minimal Logic for Computable Functionals},
  Author                   = {Schwichtenberg, H.},
  Note                     = {\url{http://www.mathematik.uni-muenchen.de/~logik/minlog/cronfiles/mlcf.pdf} (Last Accessed 08/08/14)},
  Year                     = {2014},

  Owner                    = {andylawrence},
  Timestamp                = {2014.08.08}
}

@Misc{MinlogRef,
  Title                    = {Minlog Reference Manual},

  Author                   = {Schwichtenberg, H.},
  HowPublished             = {\url{http://www.mathematik.uni-muenchen.de/~logik/minlog/cronfiles/ref.pdf}},
  Note                     = {Accessed: 23-07-14},
  Year                     = {2014},

  Owner                    = {andylawrence},
  Timestamp                = {2014.07.23}
}

@Book{SW11,
  Title                    = {Proofs and Computations},
  Author                   = {Schwichtenberg, H. and Wainer, S.},
  Publisher                = {Cambridge University Press},
  Year                     = {2012},
  Edition                  = {1st}
}

@Article{MS08,
  Title                    = {Programs from Proofs using Classical Dependent Choice},
  Author                   = {Seisenberger, M.},
  Journal                  = {Annals of Pure and Applied Logic},
  Number                   = {1-3},
  Pages                    = {97--110},
  Volume                   = {153}
}

@InProceedings{MS00,
  Title                    = {Checking {S}afety {P}roperties {U}sing {I}nduction and a {SAT}-{S}olver},
  Author                   = {Sheeran, M. and Singh, S. and St{\aa}lmarck, G.},
  Booktitle                = {Proceedings of the Third International Conference on Formal Methods in Computer-Aided Design},
  Year                     = {2000},
  Pages                    = {108--125},
  Publisher                = {Springer-Verlag},
  Series                   = {FMCAD '00}
}

@Article{GS00,
  Title                    = {A {T}utorial on {S}t{\aa}lmarck's {P}roof {P}rocedure for {P}ropositional {L}ogic},
  Author                   = {Sheeran, M. and St{\aa}lmarck, G.},
  Journal                  = {Formal Methods in System Design},
  Year                     = {2000},
  Number                   = {1},
  Pages                    = {23--58},
  Volume                   = {16},

  Publisher                = {Kluwer Academic Publishers}
}

@InProceedings{tracecheck,
  Title                    = {Extended Resolution Proofs for Conjoining {BDDs}},
  Author                   = {Sinz, C. and Biere, A.},
  Booktitle                = {CSR},
  Year                     = {2006},
  Editor                   = {Grigoriev, D. and Harrison, J. and Hirsch, E.},
  Pages                    = {600--611},
  Series                   = {Lecture Notes in Computer Science},
  Volume                   = {3967}
}

@Article{GS94,
  Title                    = {System for determining propositional logic theorems by applying values and rules to triplets that are generated from {B}oolean formula},
  Author                   = {St{\aa}lmarck , G.},
  Journal                  = {US Patent},
  Year                     = {1994},
  Number                   = {5,276,897}
}

@InProceedings{AS09,
  Title                    = {Verified programming in Guru},
  Author                   = {Stump, A. and Deters, M. and Petcher, A. and Schiller, T. and Simpson, T.},
  Booktitle                = {Proceedings of the 3rd workshop on Programming languages meets program verification},
  Year                     = {2008},
  Pages                    = {49--58},
  Publisher                = {ACM},
  Series                   = {PLPV '09}
}

@InCollection{GS94b,
  Title                    = {The TPTP problem library},
  Author                   = {Sutcliffe, G. and Suttner, C. and Yemenis, T.},
  Booktitle                = {Automated Deduction â€” CADE-12},
  Publisher                = {Springer Berlin / Heidelberg},
  Year                     = {1994},
  Editor                   = {Bundy, Alan},
  Pages                    = {252--266},
  Series                   = {Lecture Notes in Computer Science},
  Volume                   = {814}
}

@InProceedings{AZ06,
  Title                    = {Using UML state machines and petri nets for the quantitative investigation of ETCS},
  Author                   = {Trowitzsch, J. and Zimmermann, A.},
  Booktitle                = {Proceedings of the 1st international conference on Performance evaluation methodolgies and tools},
  Year                     = {2006},
  Publisher                = {ACM},
  Series                   = {Valuetools '06}
}

@InProceedings{GT83,
  Title                    = {On the complexity of derivation in propositional calculus},
  Author                   = {Tseitin, G.},
  Booktitle                = {Automation of Reasoning: Classical Papers in Computational Logic},
  Year                     = {1983},
  Pages                    = {466--483},
  Publisher                = {Springer-Verlag},
  Volume                   = {2},

  Journal                  = {Automation of Reasoning: Classical Papers in Computational Logic},
  Owner                    = {andylawrence},
  Timestamp                = {2014.04.29}
}

@InProceedings{KV00,
  Title                    = {Reflecting {BDD}s in {C}oq},
  Author                   = {Verma, K. N. and Goubault-Larrecq, J. and Parsad, S. and Arun-Kumar, S.},
  Booktitle                = {ASIAN},
  Year                     = {2000},
  Pages                    = {162--181},
  Publisher                = {Springer},
  Series                   = {Lecture Notes in Computer Science},
  Volume                   = {1961}
}

@Article{AV01,
  Title                    = {Algorithms, {D}atastructures and {O}ther {I}ssues in {E}ffcient {A}utomated {D}eduction},
  Author                   = {Voronkov, A.},
  Journal                  = {Lecture {N}otes in {A}rtificial {I}ntelligence},
  Year                     = {2001},
  Pages                    = {13--28},
  Volume                   = {2083},

  Booktitle                = {IJCAR 2001},
  Publisher                = {Springer-Verlag}
}

@InProceedings{WK98,
  Title                    = {Decision Procedures for Intuitionistic Propositional Logic by Program Extraction},
  Author                   = {Weich, K.},
  Booktitle                = {TABLEAUX'98},
  Year                     = {1998},
  Pages                    = {292--306},
  Publisher                = {Springer Berlin / Heidelberg},
  Series                   = {Lecture Notes in Artificial Intelligence},
  Volume                   = {1397},

  Owner                    = {andylawrence},
  Timestamp                = {2014.08.19}
}

@Article{CW97,
  Title                    = {SPASS - Version 0.49},
  Author                   = {Weidenbach, C.},
  Journal                  = {Journal of Automated Reasoning},
  Year                     = {1997},
  Pages                    = {247--252},
  Volume                   = {18},

  Issue                    = {2},
  Keyword                  = {Computer Science},
  Publisher                = {Springer Netherlands}
}

@InProceedings{MW81,
  Title                    = {Program slicing},
  Author                   = {Weiser, M.},
  Booktitle                = {Proceedings of the 5th international conference on Software engineering},
  Year                     = {1981},
  Pages                    = {439--449},
  Publisher                = {IEEE Press},
  Series                   = {ICSE '81}
}

@Article{FW06,
  Title                    = {The {S}eventeen {P}rovers of the {W}orld},
  Author                   = {Wiedijk, F.},
  Journal                  = {Lecture {N}otes in {C}omputer {S}cience},
  Year                     = {2006},
  Volume                   = {3600},

  Publisher                = {Springer}
}

@InProceedings{LZ01,
  Title                    = {Efficient Conflict Driven Learning in a Boolean Satisfiability Solver},
  Author                   = {Zhang, L. and Madigan, C. and Moskewics, M. H. and Malik, S.},
  Booktitle                = {2001 International Conference on Computer Aided Design},
  Year                     = {2001},
  Pages                    = {279},
  Publisher                = {ICCAD}
}

@Article{AZ05,
  Title                    = {Towards modeling and evaluation of {ETCS} real-time communication and operation},
  Author                   = {Zimmermann, A. and Hommel, G.},
  Journal                  = {Journal of Systems and Software},
  Year                     = {2005},
  Number                   = {1},
  Pages                    = {47--54},
  Volume                   = {77}
}

@Misc{Maude,
  Title                    = {Maude},
  HowPublished             = {\url{http://maude.cs.uiuc.edu/}},
  Note                     = {Accessed: 2014-01-22},

  Owner                    = {csal}
}

@Misc{MinlogSystem,
  Note                     = {Minlog, www.minlog-system.de},

  Owner                    = {csal},
  Timestamp                = {2013.01.15}
}

@Misc{RTMaude,
  Title                    = {Real {T}ime {M}aude},
  HowPublished             = {\url{http://heim.ifi.uio.no/peterol/RealTimeMaude/}},
  Note                     = {Accessed: 2014-01-22},

  Owner                    = {csal}
}

@Misc{Scade,
  Note                     = {{SCADE}, \url{http://www.esterel-technologies.com} (Last Accessed 24/08/14)}
}

@Misc{Siemens,
  Title                    = {Siemens {R}ail {A}utomation webpage, last accessed in {J}uly 2014},
  Note                     = {http://http://www.mobility.siemens.com/mobility/global/en/rail-solutions/rail-automation/Pages/rail-automation.aspx}
}

@Book{,
  Owner                    = {andylawrence},
  Timestamp                = {2014.04.29}
}

